@book{于渊2009orange,
  title={Orange'S: 一个操作系统的实现},
  author={于渊},
  year={2009},
  publisher={电子工业出版社}
}

@misc{noauthor_boot_nodate,
	title = {从boot读取软盘扇区中的汇编 - {CSDN博客}},
	url = {http://blog.csdn.net/dr_flower/article/details/48318001},
	urldate = {2018-03-11},
	file = {从boot读取软盘扇区中的汇编 - CSDN博客:E\:\\zotero\\storage\\QXA6X86V\\48318001.html:text/html}
}

@misc{wiki:int13,
    author = "Wikipedia contributors",
    title = "INT 13H --- Wikipedia{,} The Free Encyclopedia",
    year = "2017",
    url = "https://en.wikipedia.org/w/index.php?title=INT_13H&oldid=816285057",
    note = "[Online; accessed 11-March-2018]"
  }

@misc{wiki:mainbootrecord,
   author = "Wikipedia contributors",
   title = "主引导记录 --- 维基百科{,} 自由的百科全书",
   year = "2018",
   url = "\url{https://zh.wikipedia.org/w/index.php?title=%E4%B8%BB%E5%BC%95%E5%AF%BC%E8%AE%B0%E5%BD%95&oldid=47921683}",
   note = "[Online; accessed 11-March-2018]"
 }

@book{2013x86汇编语言从实模式到保护模式,
  author={李忠},
  title={x86汇编语言从实模式到保护模式},
  isbn={9787121187995},
  url={https://books.google.com/books?id=DTctnwEACAAJ},
  year={2013},
  publisher={电子工业出版社}
}


@misc{read_sector,
	title = {软盘结构(磁头号和起始扇区的计算方法) - {CSDN博客}},
	url = {http://blog.csdn.net/littlehedgehog/article/details/2147361},
	urldate = {2018-03-19},
	file = {软盘结构(磁头号和起始扇区的计算方法) - CSDN博客:E\:\\zotero\\storage\\JFMAH5JA\\2147361.html:text/html}
}


@misc{hit_plane,
	title = {【汇编语言】纯汇编语言编写打飞机小游戏 - {CSDN博客}},
	url = {http://blog.csdn.net/jiange_zh/article/details/47394337},
	urldate = {2018-03-19},
	file = {【汇编语言】纯汇编语言编写打飞机小游戏 - CSDN博客:E\:\\zotero\\storage\\LTHMQ2HX\\47394337.html:text/html}
}